
@misc{piza2020supporting,
  title={Supporting Teacher Autonomy to Improve Education Outcomes: Experimental Evidence from Brazil},
  author={Piza, Caio and Zwager, Astrid and Ruzzante, Matteo and Dantas, Rafael and Loureiro, Andre},
  year={2020},
  note={Policy Research Working Paper No. 9371, World Bank: Washington, DC}
}
